@online{realpython-logging,
  title   = {Python Logging: An In-Depth Tutorial},
  author  = {Real Python},
  year    = {2023},
  url     = {https://realpython.com/python-logging/},
  urldate = {2025-09-08}
}

@online{python-logging-docs,
  title   = {Logging — Python 3 Documentation},
  author  = {{Python Software Foundation}},
  year    = {2025},
  url     = {https://docs.python.org/3/library/logging.html},
  urldate = {2025-09-08}
}

@online{besharp-logging,
  title   = {Best practice per il logging su Python e integrazione con Kibana},
  author  = {BeSharp},
  year    = {2021},
  url     = {https://blog.besharp.it/wp-content/uploads/2021/01/Parte_I__Best_practice_per_il_logging_su_Python_e_come_integrarsi_con_la_dashboard_di_Kibana_tramite_AWS_Kinesis_Data_Firehose_ed_Amazon_Elasticsearch_Service-Proud2beCloud.pdf},
  urldate = {2025-09-08}
}

@online{stackoverflow-loglevels,
  title   = {When to use the different log levels},
  author  = {Stack Overflow},
  year    = {2010},
  url     = {https://stackoverflow.com/questions/2031163/when-to-use-the-different-log-levels},
  urldate = {2025-09-08}
}

@online{crowdstrike-log-parsing,
  title   = {Log Parsing Explained},
  author  = {CrowdStrike},
  year    = {2024},
  url     = {https://www.crowdstrike.com/en-us/cybersecurity-101/next-gen-siem/log-parsing/},
  urldate = {2025-09-08}
}

@online{cowrie-docs,
  title   = {Cowrie Documentation},
  author  = {Cowrie Project},
  year    = {2025},
  url     = {https://docs.cowrie.org/en/latest/OUTPUT.html},
  urldate = {2025-09-08}
}

@online{serde-pypi,
  title   = {serde · PyPI},
  author  = {PyPI},
  year    = {2025},
  url     = {https://pypi.org/project/serde/#getting-started},
  urldate = {2025-09-08}
}

@online{cve,
  title   = {CVE — Common Vulnerabilities and Exposures},
  author  = {MITRE},
  year    = {2025},
  url     = {https://www.cve.org/},
  urldate = {2025-09-08}
}

@online{mqtt-aws,
  title   = {What is MQTT?},
  author  = {Amazon Web Services},
  year    = {2025},
  url     = {https://aws.amazon.com/what-is/mqtt/},
  urldate = {2025-09-08}
}

@online{mqtt-emqx,
  title   = {The Easiest Guide to Getting Started with MQTT},
  author  = {EMQX},
  year    = {2025},
  url     = {https://www.emqx.com/en/blog/the-easiest-guide-to-getting-started-with-mqtt},
  urldate = {2025-09-08}
}

@online{geeksforgeeks-multithreading,
  title   = {Multithreading in Python},
  author  = {GeeksforGeeks},
  year    = {2024},
  url     = {https://www.geeksforgeeks.org/python/multithreading-python-set-1/},
  urldate = {2025-09-08}
}

@online{tig-stack,
  title   = {tig-stack on GitHub},
  author  = {alekece},
  year    = {2023},
  url     = {https://github.com/alekece/tig-stack},
  urldate = {2025-09-08}
}

@online{docker-dionaea,
  title   = {Dionaea Docker Image},
  author  = {DinoTools},
  year    = {2025},
  url     = {https://hub.docker.com/r/dinotools/dionaea},
  urldate = {2025-09-08}
}

@online{dionaea-docs,
  title   = {Dionaea Honeypot Documentation},
  author  = {Dionaea Project},
  year    = {2025},
  url     = {https://dionaea.readthedocs.io/en/latest/installation.html},
  urldate = {2025-09-08}
}
